@misc{poemonline,
author = {},
title = {古诗文网-古诗文经典传承},
howpublished = {\url{https://www.gushiwen.cn/}},
month = {},
year = {},
note = {(Accessed on 04/06/2023)}
}